%%%%% Spectral Elements %%%%%
@article{SEMLagrange98,
	author = {Komatitsch, Dimitri and Vilotte, Jean-Pierre},
	year = {1998},
	month = {04},
	pages = {368-392},
	title = {The Spectral Element method: an efficient tool to simulate the seismic response of 2D and 3D geological structures},
	volume = {88},
	journal = {Bulletin of the Seismological Society of America}
}

@article{SEMPatera84,
	title = {A spectral element method for fluid dynamics: Laminar flow in a channel expansion},
	journal = {Journal of Computational Physics},
	volume = {54},
	number = {3},
	pages = {468-488},
	year = {1984},
	author = {Anthony T Patera}
}

%%%%%%%%% Sedimentation stuff here %%%%%%%%%%%%%%%%%%%%%%%%%%%%%

@article{ArcherSed1,
	author = { Andrew J.   Archer  and  Alexandr   Malijevský },
	title = {On the interplay between sedimentation and phase separation phenomena in two-dimensional colloidal fluids},
	journal = {Molecular Physics},
	volume = {109},
	number = {7-10},
	pages = {1087-1099},
	year  = {2011},
	publisher = {Taylor & Francis},
	doi = {10.1080/00268976.2010.544267},
	URL = {https://doi.org/10.1080/00268976.2010.544267},
	eprint = {https://doi.org/10.1080/00268976.2010.544267}	
}
@article{ArcherSed2011,
	doi = {10.1209/0295-5075/96/28005},
	url = {https://doi.org/10.1209/0295-5075/96/28005},
	year = 2011,
	publisher = {{IOP} Publishing},
	volume = {96},
	number = {2},
	pages = {28005},
	author = {O. Zvyagolskaya and A. J. Archer and C. Bechinger},
	title = {Criticality and phase separation in a two-dimensional binary colloidal fluid induced by the solvent critical behavior},
	journal = {{EPL} (Europhysics Letters)}
}
@article{ArcherSed2013,
	author = {Malijevský,Alexandr  and Archer,Andrew J. },
	title = {Sedimentation of a two-dimensional colloidal mixture exhibiting liquid-liquid and gas-liquid phase separation: A dynamical density functional theory study},
	journal = {The Journal of Chemical Physics},
	volume = {139},
	number = {14},
	pages = {144901},
	year = {2013},
	doi = {10.1063/1.4823768},
	URL = {https://doi.org/10.1063/1.4823768},
	eprint = {https://doi.org/10.1063/1.4823768}	
}
@article{ArcherSed2008,
	title = {Two-dimensional fluid with competing interactions exhibiting microphase separation: Theory for bulk and interfacial properties},
	author = {Archer, Andrew J.},
	journal = {Phys. Rev. E},
	volume = {78},
	issue = {3},
	pages = {031402},
	numpages = {10},
	year = {2008},
	publisher = {American Physical Society},
	doi = {10.1103/PhysRevE.78.031402},
	url = {https://link.aps.org/doi/10.1103/PhysRevE.78.031402}
}


@article{Rosenfeld2DInterp,
	title = {Free-energy model for the inhomogeneous hard-sphere fluid in D dimensions: Structure factors for the hard-disk (D=2) mixtures in simple explicit form},
	author = {Rosenfeld, Yaakov},
	journal = {Phys. Rev. A},
	volume = {42},
	issue = {10},
	pages = {5978--5989},
	numpages = {0},
	year = {1990},
	publisher = {American Physical Society},
	doi = {10.1103/PhysRevA.42.5978},
	url = {https://link.aps.org/doi/10.1103/PhysRevA.42.5978}
}

@article{RosenfeldFMT,
	title = {Free-energy model for the inhomogeneous hard-sphere fluid mixture and density-functional theory of freezing},
	author = {Rosenfeld, Yaakov},
	journal = {Phys. Rev. Lett.},
	volume = {63},
	issue = {9},
	pages = {980--983},
	numpages = {0},
	year = {1989},
	month = {Aug},
	publisher = {American Physical Society},
	doi = {10.1103/PhysRevLett.63.980},
	url = {https://link.aps.org/doi/10.1103/PhysRevLett.63.980}
}

@article{RosenfeldSPT,
	author = {Rosenfeld,Yaakov },
	title = {Scaled field particle theory of the structure and the thermodynamics of isotropic hard particle fluids},
	journal = {The Journal of Chemical Physics},
	volume = {89},
	number = {7},
	pages = {4272-4287},
	year = {1988},
	doi = {10.1063/1.454810},
	URL = {https://doi.org/10.1063/1.454810},
	eprint = {https://doi.org/10.1063/1.454810}	
}

@article{Roth_2010FMTReview,
	doi = {10.1088/0953-8984/22/6/063102},
	url = {https://doi.org/10.1088/0953-8984/22/6/063102},
	year = {2010},
	month = {jan},
	publisher = {{IOP} Publishing},
	volume = {22},
	number = {6},
	pages = {063102},
	author = {Roland Roth},
	title = {Fundamental measure theory for hard-sphere mixtures: a review},
	journal = {Journal of Physics: Condensed Matter}
}

@article{Reiss1959,
	author = {Reiss,H.  and Frisch,H. L.  and Lebowitz,J. L. },
	title = {Statistical Mechanics of Rigid Spheres},
	journal = {The Journal of Chemical Physics},
	volume = {31},
	number = {2},
	pages = {369-380},
	year = {1959},
	doi = {10.1063/1.1730361},
	URL = {https://doi.org/10.1063/1.1730361},
	eprint = {https://doi.org/10.1063/1.1730361}	
}

@article{Reiss1960,
	author = {Reiss,Howard  and Frisch,H. L.  and Helfand,E.  and Lebowitz,J. L. },
	title = {Aspects of the Statistical Thermodynamics of Real Fluids},
	journal = {The Journal of Chemical Physics},
	volume = {32},
	number = {1},
	pages = {119-124},
	year = {1960},
	doi = {10.1063/1.1700883},	
	URL = {https://doi.org/10.1063/1.1700883},
	eprint = { 
	https://doi.org/10.1063/1.1700883}
}
@article{Helfand1961,
	author = {Helfand,E.  and Frisch,H. L.  and Lebowitz,J. L. },
	title = {Theory of the Two‐ and One‐Dimensional Rigid Sphere Fluids},
	journal = {The Journal of Chemical Physics},
	volume = {34},
	number = {3},
	pages = {1037-1042},
	year = {1961},
	doi = {10.1063/1.1731629},
	URL = {https://doi.org/10.1063/1.1731629},
	eprint = {https://doi.org/10.1063/1.1731629}	
}
@article{Percus1976,
	author = {J.K. Percus},
	title = {Equilibrium state of a classical fluid of hard rods in an external field},
	journal = {Journal of Statistical Physics},
	volume = {15},
	pages = {505-511},
	year = {1976},
	doi = {10.1007/BF01020803}	
}
@article{PercusYevick1,
	title = {Analysis of Classical Statistical Mechanics by Means of Collective Coordinates},
	author = {Percus, Jerome K. and Yevick, George J.},
	journal = {Phys. Rev.},
	volume = {110},
	issue = {1},
	pages = {1--13},
	numpages = {0},
	year = {1958},
	month = {Apr},
	publisher = {American Physical Society},
	doi = {10.1103/PhysRev.110.1},
	url = {https://link.aps.org/doi/10.1103/PhysRev.110.1}
}
%%%% DFT with SPT Equation %%%

@article{DFTWinkelmann2001,
	doi = {10.1088/0953-8984/13/21/308},
	url = {https://doi.org/10.1088/0953-8984/13/21/308},
	year = 2001,
	month = {may},
	publisher = {{IOP} Publishing},
	volume = {13},
	number = {21},
	pages = {4739--4768},
	author = {J Winkelmann},
	title = {The liquid-vapour interface of pure fluids and mixtures: application of computer simulation and density functional theory},
	journal = {Journal of Physics: Condensed Matter}
}
@article{DFTRoth1,
	author = {Alice L. Thorneywork and Simon K. Schnyder and Dirk G. A. L. Aarts and Jürgen Horbach and Roland Roth and Roel P. A. Dullens},
	title = {Structure factors in a two-dimensional binary colloidal hard sphere system},
	journal = {Molecular Physics},
	volume = {116},
	number = {21-22},
	pages = {3245-3257},
	year  = {2018},
	publisher = {Taylor & Francis},
	doi = {10.1080/00268976.2018.1492745},
	URL = {https://doi.org/10.1080/00268976.2018.1492745},
	eprint = {https://doi.org/10.1080/00268976.2018.1492745}	
}
@article{DFTRoth2,
	author = { Roland   Roth },
	title = {Fluid of discs with competing interactions},
	journal = {Molecular Physics},
	volume = {109},
	number = {23-24},
	pages = {2897-2905},
	year  = {2011},
	publisher = {Taylor & Francis},
	doi = {10.1080/00268976.2011.615765},
	URL = {https://doi.org/10.1080/00268976.2011.615765},
	eprint = {https://doi.org/10.1080/00268976.2011.615765}	
}
@article{DFTGonzalez1997,
	doi = {10.1088/0953-8984/9/11/007},
	url = {https://doi.org/10.1088/0953-8984/9/11/007},
	year = 1997,
	publisher = {{IOP} Publishing},
	volume = {9},
	number = {11},
	pages = {2375--2398},
	author = {A Gonz{\'{a}}lez and J A White and R Evans},
	title = {Density functional theory for hard-sphere fluids: a generating function approach},
	journal = {Journal of Physics: Condensed Matter}
}
@article{DFTCuesta2008,
	title = {Fundamental-measure density functional for mixtures of parallel hard cylinders},
	author = {Mart\'{\i}nez-Rat\'on, Yuri and Capit\'an, Jos\'e A. and Cuesta, Jos\'e A.},
	journal = {Phys. Rev. E},
	volume = {77},
	issue = {5},
	pages = {051205},
	numpages = {9},
	year = {2008},
	month = {May},
	publisher = {American Physical Society},
	doi = {10.1103/PhysRevE.77.051205},
	url = {https://link.aps.org/doi/10.1103/PhysRevE.77.051205}
}
@article{DFTLoewen2002,
	doi = {10.1088/0953-8984/14/40/323},
	url = {https://doi.org/10.1088/0953-8984/14/40/323},
	year = 2002,
	month = {sep},
	publisher = {{IOP} Publishing},
	volume = {14},
	number = {40},
	pages = {9353--9382},
	author = {Matthias Schmidt and Hartmut L~wen and Joseph M Brader and Robert Evans},
	title = {Density functional theory for a model colloid~polymer mixture: bulk fluid phases},
	journal = {Journal of Physics: Condensed Matter}
}

%% Not DFT but similar for SPT eqation %%%
@article{GrafLoewen1999,
	title = {Phase diagram of tobacco mosaic virus solutions},
	author = {Graf, Hartmut and L\"owen, Hartmut},
	journal = {Phys. Rev. E},
	volume = {59},
	issue = {2},
	pages = {1932--1942},
	numpages = {0},
	year = {1999},
	month = {Feb},
	publisher = {American Physical Society},
	doi = {10.1103/PhysRevE.59.1932},
	url = {https://link.aps.org/doi/10.1103/PhysRevE.59.1932}
}
@article{DuBois2002,
	author = {DuBois,Sylviane  and Perera,Aurélien },
	title = {Entropy driven demixing in fluids of rigidly ordered particles},
	journal = {The Journal of Chemical Physics},
	volume = {116},
	number = {14},
	pages = {6354-6367},
	year = {2002},
	doi = {10.1063/1.1458544},
	URL = {https://doi.org/10.1063/1.1458544},
	eprint = {https://doi.org/10.1063/1.1458544}	
}
@article{Chamoux1998,
	title = {Direct correlation functions in two-dimensional anisotropic fluids},
	author = {Chamoux, Antoine and Perera, Aurelien},
	journal = {Phys. Rev. E},
	volume = {58},
	issue = {2},
	pages = {1933--1947},
	numpages = {0},
	year = {1998},
	month = {Aug},
	publisher = {American Physical Society},
	doi = {10.1103/PhysRevE.58.1933},
	url = {https://link.aps.org/doi/10.1103/PhysRevE.58.1933}
}

@article{Chamoux1996,
	author = {Chamoux,A.  and Perera,A. },
	title = {Approximations for the direct correlation function in multicomponent molecular fluids},
	journal = {The Journal of Chemical Physics},
	volume = {104},
	number = {4},
	pages = {1493-1505},
	year = {1996},
	doi = {10.1063/1.470915},
	URL = {https://doi.org/10.1063/1.470915},
	eprint = {https://doi.org/10.1063/1.470915}	
}
%%%%%%%%%%%%%%%%%%%%%%%%%%%%%%%%%%%%%%%%%%%%%%%%%%%%%%%%%%%%%%%%%
@article{albi2016mean,
    title={Mean field control hierarchy},
    author={Giacomo Albi and Young-Pil Choi and Massimo Fornasier and Dante Kalise},
    year={2016},
    eprint={1608.01728},
    archivePrefix={arXiv},
    primaryClass={math.OC},
    volume={76},
    number={1},
    journal={Applied Mathematics and Optimization},
    pages={93 -- 135}
}

@article{albi2016no2,
	title={Invisible Control of Self-Organizing Agents Leaving Unknown Environments},
	author={Giacomo Albi and Mattia Bongini and Emiliano Cristiani and Dante Kalise},
	year={2016},
	volume={76},
	number={4},
	journal={SIAM},
	pages={1683 -- 1710}
}

@article{albi2014kinetic,
	title={Kinetic description of optimal control problems and applications to opinion consensus},
	author={Giacomo Albi and Michael Herty and Lorenzo Pareschi},
	year={2014}
    volume={13},
	number={6},
	journal={Communications in Mathematical Sciences},
	pages={1407 -- 1429}
}

@article{albi2016selective,
	title={Selective model-predictive control for flocking systems (Preprint)},
	author={Giacomo Albi and Lorenzo Pareschi},
    year={2016},
eprint={1603.05012},
archivePrefix={arXiv},
primaryClass={math.OC},
journal= {Communications in Industrial and Applied Mathematics} 
}

@article{Albi_2014no1,
	title={{B}oltzmann-type control of opinion consensus through leaders},
	volume={372},
	ISSN={1471-2962},
	url={http://dx.doi.org/10.1098/rsta.2014.0138},
	DOI={10.1098/rsta.2014.0138},
	number={2028},
	journal={Philosophical Transactions of the Royal Society A: Mathematical, Physical and Engineering Sciences},
	publisher={The Royal Society},
	author={Albi, Giacomo and Pareschi, Lorenzo and Zanella, Mattia},
	year={2014},
	pages={20140138}
}
@misc{burger2019meanfield,
	title={Mean-field optimal control and optimality conditions in the space of probability measures (Preprint?)},
	author={Martin Burger and René Pinnau and Claudia Totzeck and Oliver Tse},
	year={2019},
	eprint={1902.05339},
	archivePrefix={arXiv},
	primaryClass={math.OC}
}

@misc{burger2019instantaneous,
	title={Instantaneous control of interacting particle systems in the mean-field limit (Preprint?)},
	author={Martin Burger and Rene Pinnau and Claudia Totzeck and Oliver Tse and Andreas Roth},
	year={2019},
	eprint={1903.12407},
	archivePrefix={arXiv},
	primaryClass={math.OC}
}

@misc{burger2016controlling,
	title={Controlling a self-organizing system of individuals guided by a few external agents -- particle description and mean-field limit (Preprint?)},
	author={Martin Burger and René Pinnau and Andreas Roth and Claudia Totzeck and Oliver Tse},
	year={2016},
	eprint={1610.01325},
	archivePrefix={arXiv},
	primaryClass={math.OC}
}

@article{carrillo2018no1,
	author = {Carrillo, Jos\'e and Choi, Young-Pil and Totzeck, Claudia and Tse, Oliver},
	year = {2018},
	pages = {1037--1066},
	volume={28},
	number={6},
	title = {An Analytical Framework for Consensus-Based Global Optimization Method},
	journal = {Mathematical Models and Methods in Applied Sciences},
	doi = {10.1142/S0218202518500276}
}


@misc{carrillo2019mean,
	title={On a Mean Field Optimal Control Problem (Preprint?)},
	author={Jose A. Carrillo and Edgard A. Pimentel and Vardan K. Voskanyan},
	year={2019},
	eprint={1909.10596},
	archivePrefix={arXiv},
	primaryClass={math.AP}
}

@article{Fornasier_2014,
	title={Mean-Field Optimal Control},
	volume={20},
	ISSN={1262-3377},
	url={http://dx.doi.org/10.1051/cocv/2014009},
	DOI={10.1051/cocv/2014009},
	number={4},
	journal={ESAIM: Control, Optimisation and Calculus of Variations},
	publisher={EDP Sciences},
	author={Fornasier, Massimo and Solombrino, Francesco},
	year={2014},
	pages={1123–1152}
}

@article{Fornasier_2014no2,
	title={Mean-field sparse optimal control},
	volume={372},
	ISSN={1471-2962},
	url={http://dx.doi.org/10.1098/rsta.2013.0400},
	DOI={10.1098/rsta.2013.0400},
	number={2028},
	journal={Philosophical Transactions of the Royal Society A: Mathematical, Physical and Engineering Sciences},
	publisher={The Royal Society},
	author={Fornasier, Massimo and Piccoli, Benedetto and Rossi, Francesco},
	year={2014},
	pages={20130400}
}

@article{Burger1,
	author = {Burger, M.  and Di Francesco, M. and  Markowich, P. A. and  Wolfram, M.-T.},
	title = {Mean field games with nonlinear mobilities in pedestrian dynamics},
	journal = {Discrete Cont. Dyn.-B},
	volume = {19},
	number = {5},
	pages = {1311-1333},
	year = {2014}
}

@article{Fornasier_20161no1,
	title={Learning and sparse control of multiagent systems},
	journal={Proc. 7thECM},
	author={Fornasier, Massimo},
	year={2016},
	url={https://www-m15.ma.tum.de/foswiki/pub/M15/Allgemeines/NewPublications/procexample.pdf}
}


@article{fornasier_lisini_orrieri_savare_2019, 
	title={Mean-field optimal control as Gamma-limit of finite agent controls}, 
	volume={30}, 
	DOI={10.1017/S0956792519000044}, 
	number={6}, 
	journal={European Journal of Applied Mathematics}, 
	publisher={Cambridge University Press}, 
	author={Fornasier, Massimo and Lisini, Stefano and Orrieri, Carlo and Savar\'e, Guiseppe}, year={2019}, pages={1153–1186}}




@article{piccoli2014no1,
	author = {Piccoli, Benedetto and Rossi, Francesco and Tr\'elat, Emmanuel},
	year = {2014},
	pages = {4685 -- 4719},
	title = {Control to Flocking of the Kinetic {C}ucker--{S}male Model},
	volume = {47},
	number={6},
	journal = {SIAM Journal on Mathematical Analysis},
	doi = {10.1137/140996501}
}


@article{Pinnau_2017,
	title={A consensus-based model for global optimization and its mean-field limit},
	volume={27},
	ISSN={1793-6314},
	url={http://dx.doi.org/10.1142/S0218202517400061},
	DOI={10.1142/s0218202517400061},
	number={01},
	journal={Mathematical Models and Methods in Applied Sciences},
	publisher={World Scientific Pub Co Pte Lt},
	author={Pinnau, René and Totzeck, Claudia and Tse, Oliver and Martin, Stephan},
	year={2017},
	pages={183–204}
}


@INPROCEEDINGS{Huang1,
	author={ {Minyi Huang} and {Peter E. Caines} and Roland P. {Malham\'e}},
	booktitle={42nd IEEE International Conference on Decision and Control (IEEE Cat. No.03CH37475)},
	title={Individual and mass behaviour in large population stochastic wireless power control problems: centralized and {N}ash equilibrium solutions},
	year={2003},
	volume={1},
	number={},
	pages={98-103},
	doi={10.1109/CDC.2003.1272542},
	ISSN={0191-2216},
	month={Dec},}


@Article{Lasry2007,
	author={Lasry, Jean-Michel
	and Lions, Pierre-Louis},
	title={Mean field games},
	journal={Japanese Journal of Mathematics},
	year={2007},
	month={Mar},
	day={01},
	volume={2},
	number={1},
	pages={229--260},
}

@article{CuckerSmale1,
	author = {Cucker, Felipe and Smale, Steve},
	year = {2007},
	month = {06},
	pages = {852 - 862},
	title = {Emergent Behavior in Flocks},
	volume = {52},
	journal = {Automatic Control, IEEE Transactions on},
	doi = {10.1109/TAC.2007.895842}
}
@article{CuckerSmale2,
	author = {Cucker, Felipe and Smale, Steve},
	year = {2007},
	month = {03},
	pages = {197-227},
	title = {On the mathematics of emergence},
	volume = {2},
	journal = {Japan J Math},
	doi = {10.1007/s11537-007-0647-x}
}


@article{ChengC.Z1976Tiot,
	issn = {0021-9991},
	journal = {Journal of Computational Physics},
	pages = {330--351},
	volume = {22},
	publisher = {Elsevier Inc},
	number = {3},
	year = {1976},
	title = {The integration of the {V}lasov equation in configuration space},
	language = {eng},
	author = {Cheng, C.Z and Knorr, Georg},
	keywords = {Applied Sciences},
}




@article{gilbertstrang1,
	author = {Strang, Gilbert},
	title = {On the Construction and Comparison of Difference Schemes},
	journal = {SIAM Journal on Numerical Analysis},
	volume = {5},
	number = {3},
	pages = {506-517},
	year = {1968},
	doi = {10.1137/0705041},
	
	URL = { 
	https://doi.org/10.1137/0705041
	
	},
	eprint = { 
	https://doi.org/10.1137/0705041
	}	
}



@article{LASRY2006679,
	title = {Jeux à champ moyen. II – Horizon fini et contrôle optimal},
	journal = {Comptes Rendus Mathematique},
	volume = {343},
	number = {10},
	pages = {679 - 684},
	year = {2006},
	author = {Jean-Michel Lasry and Pierre-Louis Lions}
}

@article{LASRY2006619,
	title = {Jeux à champ moyen. I – Le cas stationnaire},
	journal = {Comptes Rendus Mathematique},
	volume = {343},
	number = {9},
	pages = {619 - 625},
	year = {2006},
	author = {Jean-Michel Lasry and Pierre-Louis Lions}
}
@article{LASRY4,
	title = {Mean Field Games},
	journal = {Cahiers de la Chaire Finance et D\'eveloppement Durable},
	year = {2007},
	author = {Jean-Michel Lasry and Pierre-Louis Lions}
}


%%%%%%%%%%%%%%%%%%%%%%%%%%%%%%%%%%%%%%%%%%%%%%%%%%%%%%%%%%%%%%%%%%%%%

@article{Archer1,
	title = {Dynamical Density Functional Theory for Molecular and Colloidal Fluids: A Microscopic Approach to Fluid Mechanics.},
	journal = {The Journal of Chemical Physics},
	volume = {130},
	year = {2009},
	author = {A. J. Archer}
}


@article{Roth1,
	title = {Fundamental measure theory for hard-sphere mixtures: a review},
	journal = {ournal of Physics: Condensed Matter},
	volume = {22},
	number = {6},
	year = {2010},
	author = {Roland Roth}
}


@incollection{Powell1,
	title={A {F}ortran subroutine for solving systems of nonlinear algebraic equations},
	author={Powell, M. J. D.},
	booktitle={Numerical Methods for Nonlinear Algebraic Equations},
	editor={Rabinowitz, P.},
	chapter={7},
	year={1970},
	publisher={Gordon and Breach}
}




@MISC{fsolve1,
	author = {{\scshape MATLAB}},
	title = {Equation Solving Algorithms},
	howpublished={\url{https://uk.mathworks.com/help/optim/ug/equation-solving-algorithms.html#bqa_so0}}
}


@book{DeLosReyesOptimization,
	author = {De los Reyes, Juan},
	year = {2015},
	pages = {},
	title = {Numerical PDE-Constrained Optimization},
	publisher={Springer},
	isbn = {978-3-319-13394-2},
	doi = {10.1007/978-3-319-13395-9}
}


%%%%%% Extended project bib stuff below


@book{bibTrefethen,
    author={Lloyd N. Trefethen},
    year={2000},
    title = {Spectral Methods in Matlab},
    chapter = {},
    publisher={SIAM}
}

@phdthesis{PearsonThesis,
author= {John W Pearson},
year={2013},
title={Fast Iterative Solvers for PDE-Constrained Optimization Problems},
school={University of Oxford}
}
@article{GuettelPearson1,
	author = {Güttel, Stefan and Pearson, John W.},
	year = {2018},
	pages = {1861-1892},
	title = {A Rational Deferred Correction Approach to Parabolic Optimal Control Problems},
	volume = {38},
	journal = {IMA Journal of Numerical Analysis},
	doi = {10.1093/imanum/drx046}
}
@article{RexLoewen1,
	author = {Rex, M and Löwen, Hartmut},
	year = {2008},
	pages = {139-46},
	title = {Dynamical Density Functional Theory for Colloidal Dispersions Including Hydrodynamic Interactions},
	volume = {28},
	journal = {The European Physical Journal. E, Soft Matter},
	doi = {10.1140/epje/i2008-10363-x}
}

@article{CarraroIndMultipleShooting,
	author = {Carraro, Thomas and Geiger, Michael and Rannacher, R},
	year = {2014},
	month = {01},
	pages = {},
	title = {Indirect Multiple Shooting for Nonlinear Parabolic Optimal Control Problems with Control Constraints},
	volume = {36},
	journal = {SIAM Journal on Scientific Computing},
	doi = {10.1137/120895809}
}

@incollection{CarraroDirectIndirectMultipleShooting,
	author = {Carraro, Thomas and Geiger, Michael},
	year = {2015},
	month = {01},
	pages = {35-67},
	title = {Direct and Indirect Multiple Shooting for Parabolic Optimal Control Problems},
	editor={G. Zavarise, P. Cinnella and M. Campiti},
	booktitle={Special Issue: 86th Annual Meeting of the International Association of Applied Mathematics and Mechanics (GAMM)},
	isbn = {978-3-319-23320-8},
	doi = {10.1007/978-3-319-23321-5_2}
}

@book{HolmesNumericalMethods,
	author={Mark H. Holmes},
	year={2007},
    title={Introduction to Numerical Methods in Differential Equations},
    publisher={Springer-Verlag New York}
}

@book{DeLosReyesOptimization,
	author = {De los Reyes, Juan},
	year = {2015},
	pages = {},
	title = {Numerical PDE-Constrained Optimization},
	publisher={Springer},
	isbn = {978-3-319-13394-2},
	doi = {10.1007/978-3-319-13395-9}
}

@article{GoddardPseudospectralCode1,
	author    = {Andreas Nold and
	Benjamin D. Goddard and
	Peter Yatsyshin and
	Nikos Savva and
	Serafim Kalliadasis},
	title     = {Pseudospectral methods for density functional theory in bounded and
	unbounded domains},
	journal   = {CoRR},
	volume    = {abs/1701.06182},
	year      = {2017}
}


@incollection{Tarazona2008,
	author={Tarazona, P.
	and Cuesta, J.A.
	and Mart{\'i}nez-Rat{\'o}n, Y.},
	editor={Mulero, {\'A}ngel},
	title={Density Functional Theories of Hard Particle Systems},
	booktitle={Theory and Simulation of Hard-Sphere Fluids and Related Systems},
	year={2008},
	publisher={Springer Berlin Heidelberg},
	address={Berlin, Heidelberg},
	pages={247--341},
	isbn={978-3-540-78767-9},
	doi={10.1007/978-3-540-78767-9_7},
	url={https://doi.org/10.1007/978-3-540-78767-9_7}
}


@book{CalculusofVariations1,
author ={Arthurs, Arnold M.},
title={Calculus of Variations},
year={1975},
publisher={Routledge and Keagan Paul Ltd}
}

@article{FrechetProductrule1,
author = {Gonzalez-Velasco, Enrique A.},
year = {1986},
month = {},
pages = {79-83},
title = {The Product Rule for {F}r\'echet derivatives},
volume = {17},
journal = {International Journal of Mathematical Education in Science and Technology},
doi = {10.1080/0020739860170111}
}


@book{TroeltzschFredi2010OCoP,
	series = {Graduate Studies in Mathematics},
	publisher = {American Mathematical Society},
	isbn = {9781470411749},
	year = {2010},
	title = {Optimal Control of Partial Differential Equations: Theory, Methods and Applications},
	language = {eng},
	address = {Providence},
	author = {Tröltzsch, Fredi},
	keywords = {Control theory. Differential equations, Partial. Mathematical optimization},
}


@book{Boyd1,
author={John P. Boyd},
title={Chebyshev and Fourier Spectral Methods},
publisher={Dover Publications, Inc},
year={2000},
}

@article{ClenCurt1,
author={Charles W. Clenshaw and A. R. Curtis},
title={A Method for Numerical Integration on an Automatic Computer},
journal={Numerische Mathematik},
volume={2(1)},
pages={197-205},
year={1960} ,
}

@article{bibTrefethenBerrut1,
	author = {Jean-Paul Berrut and Lloyd N. Trefethen},
	year = {2004},
	pages = {501-517},
	title = {Barycentric {L}agrange Interpolation},
	volume = {46(3)},
	journal = {SIAM Review},
	doi = {10.1137/S0036144502417715}
}

@article{FEMIntegroPaper,
	author = {Wanfang Shen},
	year = {2016},
	pages = {},
	title = {Full-Discrete Adaptive FEM for Quasi-Parabolic Integro-Differential PDE-Constrained Optimal Control Problem},
	volume = {},
	journal = {Springer},
	doi = {}
}


@article{bvp4cPaper1,
author={Jacek Kierzenka and Lawrence F. Shampine},
year={2001},
pages={299-316 },
title={A BVP Solver Based on Residual Control and the Matlab PSE},
volume={27(3)},
journal={ACM Transactions on Mathematical Software (TOMS)},
doi={10.1145/502800.502801}	

}


@incollection{Brandman2018,
	author="Brandman, Jeremy
	and Denli, Huseyin
	and Trenev, Dimitar",
	editor="Antil, Harbir
	and Kouri, Drew P.
	and Lacasse, Martin-D.
	and Ridzal, Denis",
	title="Introduction to {PDE}-Constrained Optimization in the Oil and Gas Industry",
	bookTitle="Frontiers in PDE-Constrained Optimization",
	year="2018",
	publisher="Springer New York",
	address="New York, NY",
	pages="171--203",
	doi="10.1007/978-1-4939-8636-1_5",
	url="https://doi.org/10.1007/978-1-4939-8636-1_5"
}


@article{MergerJuri2017Ocoa,
	journal = {Optimal Control Applications and Methods},
	pages = {112--132},
	volume = {38},
	number = {1},
	year = {2017},
	title = {Optimal control of a system of reaction–diffusion equations modeling the wine fermentation process},
	author = {Merger, Juri and Borzì, Alfio and Herzog, Roland},
}
@article{RamirezW.F.2007Obf,
	journal = {Journal of the Institute of Brewing},
	pages = {325--333},
	volume = {113},
	number = {3},
	year = {2007},
	title = {Optimal beer fermentation},
	author = {Ramirez, W.F. and Maciejowski, J.},
}

@article{FrinkDFT,
	author = {J. D. Frink, Laura and Salinger, Andrew and P. Sears, Mark and D. Weinhold, Jeffrey and Frischknecht, Amalie L.},
	year = {2002},
	month = {11},
	pages = {12167},
	title = {Numerical challenges in the application of density functional theory to biology and nanotechnology},
	volume = {14},
	journal = {Journal of Physics: Condensed Matter},
	doi = {10.1088/0953-8984/14/46/320}
}
@article{WuJianzhong2006Dftf,
	journal = {AIChE Journal},
	pages = {1169--1193},
	volume = {52},
	publisher = {Wiley Subscription Services, Inc., A Wiley Company},
	number = {3},
	year = {2006},
	title = {Density functional theory for chemical engineering: From capillarity to soft materials},
	address = {Hoboken},
	author = {Wu, Jianzhong},
	keywords = {Statistical Mechanics ; Complex Fluids ; Thermodynamics/Statistical ; Surface Chemistry/Physics},
}
























