

@article{Us2020,
	author = {M. Aduamoah and B. D. Goddard and J. W. Pearson and J. C. Roden},
	title = {PDE-constrained optimization models and pseudospectral methods for multiscale particle dynamics},
	journal = {Preprint},
	year = {2020}.
}

@article{GuettelPearson,
	author = { Güttel, S. and Pearson, J. W.},
	title = {A spectral-in-time Newton–Krylov method for nonlinear PDE-constrained optimization},
	journal = {IMA Journal of Numerical Analysis},
	year = {2021}.
}
@article{Author1990,
		author = {A. Nold and B.D. Goddard and P. Yatsyshin and N. Savva and S. Kalliadasis},
		title = {Pseudospectral methods for density functional theory in bounded and unbounded domains},
		journal = {Journal of Computational Physics},
		year = {2017},
		volume = {334},
		pages = {639-664},
		url = {https://datashare.is.ed.ac.uk/handle/10283/2647 (2DChebClass)}.
	}