@article{ABCK,
	author = {Albi, G. and Bongini, M. and Cristiani, E. and Kalise, D.},
	title = {Invisible control of self-organizing agents leaving unknown environments},
	journal = {SIAM J. Appl. Math.},
	volume = {76},
	number = {4},
	pages = {1683-1710},
	year = {2016}
}

@article{ACFK,
	author = {Albi, G. and Choi, Y.-P. and Fornasier, M. and Kalise, D.},
	title = {Mean field control hierarchy},
	journal = {Appl. Math. Opt.},
	volume = {76},
	number = {1},
	pages = {93-135},
	year = {2017}
}

@article{AlbiKalise,
	author = {Albi, G. and Kalise, D.},
	title = {({S}ub){O}ptimal feedback control of mean field multi-population dynamics},
	journal = {IFAC-PapersOnLine},
	volume = {51},
	number = {3},
	pages = {86-91},
	year = {2018}
}

@article{BonginiButtazo,
	author = {Bongini, M. and Buttazo, G.},
	title = {Optimal control problems in transport dynamics},
	journal = {Math. Models Methods Appl. Sci.},
	volume = {27},
	number = {3},
	pages = {427-451},
	year = {2017}
}
@article{Burger1,
	author = {Burger, M.  and Di Francesco, M. and  Markowich, P. A. and  Wolfram, M.-T.},
	title = {Mean field games with nonlinear mobilities in pedestrian dynamics},
	journal = {Discrete and Continuous Dynamical Systems - Series B},
	volume = {19},
	number = {5},
	pages = {1311 -1333},
	year = {2014}
}

@article{Powell1,
	author = {Powell, M.J.D},
	title = {A Fortran Subroutine for Solving Systems of Nonlinear Algebraic Equations},
	journal = {Numerical Methods for Nonlinear Algebraic Equations},
	volume = {Ch.7},
	year = {1970}
}
@article{BKS,
	author = {Brice\~{n}o-Aras, L. M. and Kalise, D. and Silva, F. J.},
	title = {Proximal methods for stationary mean field games with local couplings},
	journal = {SIAM J. Control Opt.},
	volume = {56},
	number = {2},
	pages = {801-836},
	year = {2018}
}

@article{CristianiPeri,
	author = {Cristiani, E. and Peri, D.},
	title = {Robust design optimization for egressing pedestrians in unknown environments},
	journal = {Appl. Math. Model.},
	volume = {72},
	pages = {553-568},
	year = {2019}
}

@article{Andreev,
	author = {Andreev, R.},
	title = {Preconditioning the augmented {L}agrangian method for instationary mean field games with diffusion},
	journal = {SIAM J. Sci. Comput.},
	volume = {39},
	number = {6},
	pages = {A2763-A2783},
	year = {2017}
}

@article{AchdouPerez,
	author = {Achdou, Y. and Perez, V.},
	title = {Iterative strategies for solving linearized discrete mean field games systems},
	journal = {Netw. Heterog. Media},
	volume = {7},
	number = {2},
	pages = {197-217},
	year = {2012}
}

@book{Troeltzsch,
	author={Tr\"{o}ltzsch, F.},
	title={Optimal Control of Partial Differential Equations: Theory, Methods, and Applications},
	year={2010},
	publisher={American Mathematical Society},
	isbn={978-0-8218-4904-0}
}

@techreport{CollisHeinkenschloss,
	author = {Collis, S. S. and Heinkenschloss, M.},
	title = {Analysis of the streamline upwind/{P}etrov
	{G}alerkin method applied to the solution of optimal control problems},
	number = {TR02--01},
	year = {2002},
	institution = {Department of Computational and Applied Mathematics, Rice University}
}

@techreport{SW10,
	Author = {M. Stoll and A. Wathen},
	Institution = {University of Oxford},
	Number = {Technical Report NA-10-13},
	Title = {All-at-once solution of time-dependent {PDE}-constrained optimization problems},
	Year = {2010}}

@article{PSW12,
	author = {J. W. Pearson and M. Stoll and A. J. Wathen},
	title = {Regularization-robust preconditioners for time-dependent {PDE}-constrained optimization problems},
	journal = {SIAM J. Matrix Anal. Appl.},
	volume = {33},
	number = {4},
	pages = {1126--1152},
	year = {2012}}

@article{PS13,
	author = {J. W. Pearson and M. Stoll},
	title = {Fast iterative solution of reaction--diffusion control problems arising from chemical processes},
	journal = {SIAM J. Sci. Comput.},
	volume = {35},
	number = {5},
	pages = {B987--B1009},
	year = {2013}}
	
% General particle-based models

@book{SO12,
  title={Modern quantum chemistry: introduction to advanced electronic structure theory},
  author={Szabo, Attila and Ostlund, Neil S},
  year={2012},
  publisher={Courier Corporation}
}

@book{ACGL12,
  title={Polymer and cell dynamics: Multiscale modelling and numerical simulations},
  author={Alt, Wolfgang and Chaplain, Mark and Griebel, Michael and Lenz, J{\"u}rgen},
  year={2012},
  publisher={Birkh{\"a}user}
}

@book{BT11,
  title={Galactic dynamics},
  author={Binney, James and Tremaine, Scott},
  volume={20},
  year={2011},
  publisher={Princeton university press}
}

@article{YBEM10,
  title={Refining self-propelled particle models for collective behaviour},
  author={Yates, Christian A and Baker, Ruth E and Erban, Radek and Maini, Philip K},
  year={2010}
}

@book{CPT14,
  title={Multiscale modeling of pedestrian dynamics},
  author={Cristiani, Emiliano and Piccoli, Benedetto and Tosin, Andrea},
  volume={12},
  year={2014},
  publisher={Springer}
}

@article{L07,
  title={Continuous opinion dynamics under bounded confidence: A survey},
  author={Lorenz, Jan},
  journal={International Journal of Modern Physics C},
  volume={18},
  number={12},
  pages={1819--1838},
  year={2007},
  publisher={World Scientific}
}

% Coarse-graining

@book{LM16,
  title={Molecular Dynamics.},
  author={Leimkuhler, Ben and Matthews, Charles},
  year={2016},
  publisher={Springer}
}

@book{V08,
  title={Coarse-graining of condensed phase and biomolecular systems},
  author={Voth, Gregory A},
  year={2008},
  publisher={CRC press}
}

@article{BC12,
  title={Excluded-volume effects in the diffusion of hard spheres},
  author={Bruna, Maria and Chapman, S Jonathan},
  journal={Physical Review E},
  volume={85},
  number={1},
  pages={011103},
  year={2012},
  publisher={APS}
}

@article{L12,
  title={A dynamical theory of nucleation for colloids and macromolecules},
  author={Lutsko, James F},
  journal={The Journal of chemical physics},
  volume={136},
  number={3},
  pages={034509},
  year={2012},
  publisher={AIP}
}

@article{ANHetal10,
  title={Directed 3D cell alignment and elongation in microengineered hydrogels},
  author={Aubin, Hug and Nichol, Jason W and Hutson, Ch{\'e} B and Bae, Hojae and Sieminski, Alisha L and Cropek, Donald M and Akhyari, Payam and Khademhosseini, Ali},
  journal={Biomaterials},
  volume={31},
  number={27},
  pages={6941--6951},
  year={2010},
  publisher={Elsevier}
}

@article{LL94,
  title={Statistical Physics, Part 1, Vol. 5},
  author={Landau, LD and Lifshitz, EM},
  journal={Course of theoretical physics},
  volume={3},
  year={1994}
}

% DDFT

@article{MT99,
  title={Dynamic density functional theory of fluids},
  author={Marconi, U. M. B. and Tarazona, P.},
  journal={The Journal of Chemical Physics},
  volume={110},
  number={16},
  pages={8032--8044},
  year={1999},
  publisher={AIP}
}

@article{CF05,
  title={Time-dependent density functional theory of classical fluids},
  author={Chan, Garnet Kin-Lic and Finken, Reimar},
  journal={Physical review letters},
  volume={94},
  number={18},
  pages={183001},
  year={2005},
  publisher={APS}
}

@article{E79,
    Author = {Evans, R.},
    Title = {The nature of the liquid-vapour interface and other topics in the statistical mechanics of non-uniform, classical fluids},
    Journal = {{Adv. Phys.}},
    Year = {{1979}},
    Volume = {{28}},
    Number = {{2}},
    Pages= {{143}},
}

@article{RD85,
    title={Classical fluid in a periodic potential and the density-functional approach},
    author={Roman, E. and Dieterich, W.},
    journal={Phys. Rev. A},
    volume={32},
    number={6},
    pages={3726},
    year={1985},
    publisher={APS}
}

@article{WL07,
    title={Density-functional theory for complex fluids},
    author={Wu, J.-Z. and Li, Z.-D.},
    journal={Annu. Rev. Phys. Chem.},
    volume={58},
    pages={85--112},
    year={2007},
    publisher={Annual Reviews}
}

@article{W06,
    title = {Density functional theory for chemical engineering: {F}rom capillarity to soft materials},
    author = {Wu, J.-Z.},
    journal = {AIChE J.},
    volume = {52},
    pages = {1169--1193},
    year = {2006},
    publisher={Wiley Interscience},
}

@article{L10,
    title={Recent Developments in Classical Density Functional Theory},
    author={Lutsko, J. F.},
    journal={Adv. Chem. Phys.},
    volume={144},
    pages={1},
    year={2010}
}

@article{HK64,
  title={Inhomogeneous electron gas},
  author={Hohenberg, Pierre and Kohn, Walter},
  journal={Physical review},
  volume={136},
  number={3B},
  pages={B864},
  year={1964},
  publisher={APS}
}

@incollection{TCM08,
  title={Density functional theories of hard particle systems},
  author={Tarazona, Pedro and Cuesta, Jos{\'e} A and Mart{\'\i}nez-Rat{\'o}n, Yuri},
  booktitle={Theory and Simulation of Hard-Sphere Fluids and Related Systems},
  pages={247--341},
  year={2008},
  publisher={Springer}
}

@article{E92,
  title={Density functionals in the theory of nonuniform fluids},
  author={Evans, Robert},
  journal={Fundamentals of inhomogeneous fluids},
  volume={1},
  pages={85--176},
  year={1992},
  publisher={Marcel Dekker: New York}
}

@book{HM13,
  title={Theory of simple liquids: with applications to soft matter},
  author={Hansen, Jean-Pierre and McDonald, Ian Ranald},
  year={2013},
  publisher={Academic Press}
}

@article{R10,
  title={Fundamental measure theory for hard-sphere mixtures: a review},
  author={Roth, Roland},
  journal={Journal of Physics: Condensed Matter},
  volume={22},
  number={6},
  pages={063102},
  year={2010},
  publisher={IOP Publishing}
}

@article{ACE17,
  title={The standard mean-field treatment of inter-particle attraction in classical DFT is better than one might expect},
  author={Archer, Andrew J and Chacko, Blesson and Evans, Robert},
  journal={The Journal of chemical physics},
  volume={147},
  number={3},
  pages={034501},
  year={2017},
  publisher={AIP Publishing}
}

@article{MS82,
  title={Statistical mechanics of the isothermal Lane-Emden equation},
  author={Messer, Joachim and Spohn, Herbert},
  journal={Journal of Statistical Physics},
  volume={29},
  number={3},
  pages={561--578},
  year={1982},
  publisher={Springer}
}

% Numerics

@article{NGYSK17,
  title={Pseudospectral methods for density functional theory in bounded and unbounded domains},
  author={Nold, Andreas and Goddard, Benjamin D and Yatsyshin, Peter and Savva, Nikos and Kalliadasis, Serafim},
  journal={Journal of Computational Physics},
  volume={334},
  pages={639--664},
  year={2017},
  publisher={Elsevier}
}

@book{T00,
  title={Spectral methods in MATLAB},
  author={Trefethen, Lloyd N},
  volume={10},
  year={2000},
  publisher={Siam}
}

@book{B01,
  title={Chebyshev and Fourier spectral methods},
  author={Boyd, John P},
  year={2001},
  publisher={Courier Corporation}
}

@misc{2DChebClass,
	title = {{2DChebClass [Software]}},
	author = {Goddard, B. D. and Nold, A. and Kalliadasis, S.},
	year = {2017},
	publisher = {Edinburgh DataShare},
	howpublished = {http://dx.doi.org/10.7488/ds/1991}
}

@article{SEK99,
  title={Solving index-1 DAEs in MATLAB and Simulink},
  author={Shampine, Lawrence F and Reichelt, Mark W and Kierzenka, Jacek A},
  journal={SIAM review},
  volume={41},
  number={3},
  pages={538--552},
  year={1999},
  publisher={SIAM}
}