@article{albi2016mean,
    title={Mean field control hierarchy},
    author={Giacomo Albi and Young-Pil Choi and Massimo Fornasier and Dante Kalise},
    year={2016},
    eprint={1608.01728},
    archivePrefix={arXiv},
    primaryClass={math.OC},
    volume={76},
    number={1},
    journal={Applied Mathematics and Optimization},
    pages={93 -- 135}
}

@article{albi2016no2,
	title={Invisible Control of Self-Organizing Agents Leaving Unknown Environments},
	author={Giacomo Albi and Mattia Bongini and Emiliano Cristiani and Dante Kalise},
	year={2016},
	volume={76},
	number={4},
	journal={SIAM},
	pages={1683 -- 1710}
}

@article{albi2014kinetic,
	title={Kinetic description of optimal control problems and applications to opinion consensus},
	author={Giacomo Albi and Michael Herty and Lorenzo Pareschi},
	year={2014}
    volume={13},
	number={6},
	journal={Communications in Mathematical Sciences},
	pages={1407 -- 1429}
}

@article{albi2016selective,
	title={Selective model-predictive control for flocking systems (Preprint)},
	author={Giacomo Albi and Lorenzo Pareschi},
    year={2016},
eprint={1603.05012},
archivePrefix={arXiv},
primaryClass={math.OC},
journal= {Communications in Industrial and Applied Mathematics} 
}

@article{Albi_2014no1,
	title={{B}oltzmann-type control of opinion consensus through leaders},
	volume={372},
	ISSN={1471-2962},
	url={http://dx.doi.org/10.1098/rsta.2014.0138},
	DOI={10.1098/rsta.2014.0138},
	number={2028},
	journal={Philosophical Transactions of the Royal Society A: Mathematical, Physical and Engineering Sciences},
	publisher={The Royal Society},
	author={Albi, Giacomo and Pareschi, Lorenzo and Zanella, Mattia},
	year={2014},
	pages={20140138}
}
@misc{burger2019meanfield,
	title={Mean-field optimal control and optimality conditions in the space of probability measures (Preprint?)},
	author={Martin Burger and René Pinnau and Claudia Totzeck and Oliver Tse},
	year={2019},
	eprint={1902.05339},
	archivePrefix={arXiv},
	primaryClass={math.OC}
}

@misc{burger2019instantaneous,
	title={Instantaneous control of interacting particle systems in the mean-field limit (Preprint?)},
	author={Martin Burger and Rene Pinnau and Claudia Totzeck and Oliver Tse and Andreas Roth},
	year={2019},
	eprint={1903.12407},
	archivePrefix={arXiv},
	primaryClass={math.OC}
}

@misc{burger2016controlling,
	title={Controlling a self-organizing system of individuals guided by a few external agents -- particle description and mean-field limit (Preprint?)},
	author={Martin Burger and René Pinnau and Andreas Roth and Claudia Totzeck and Oliver Tse},
	year={2016},
	eprint={1610.01325},
	archivePrefix={arXiv},
	primaryClass={math.OC}
}

@article{carrillo2018no1,
	author = {Carrillo, Jos\'e and Choi, Young-Pil and Totzeck, Claudia and Tse, Oliver},
	year = {2018},
	pages = {1037--1066},
	volume={28},
	number={6},
	title = {An Analytical Framework for Consensus-Based Global Optimization Method},
	journal = {Mathematical Models and Methods in Applied Sciences},
	doi = {10.1142/S0218202518500276}
}


@misc{carrillo2019mean,
	title={On a Mean Field Optimal Control Problem (Preprint?)},
	author={Jose A. Carrillo and Edgard A. Pimentel and Vardan K. Voskanyan},
	year={2019},
	eprint={1909.10596},
	archivePrefix={arXiv},
	primaryClass={math.AP}
}

@article{Fornasier_2014,
	title={Mean-Field Optimal Control},
	volume={20},
	ISSN={1262-3377},
	url={http://dx.doi.org/10.1051/cocv/2014009},
	DOI={10.1051/cocv/2014009},
	number={4},
	journal={ESAIM: Control, Optimisation and Calculus of Variations},
	publisher={EDP Sciences},
	author={Fornasier, Massimo and Solombrino, Francesco},
	year={2014},
	pages={1123–1152}
}

@article{Fornasier_2014no2,
	title={Mean-field sparse optimal control},
	volume={372},
	ISSN={1471-2962},
	url={http://dx.doi.org/10.1098/rsta.2013.0400},
	DOI={10.1098/rsta.2013.0400},
	number={2028},
	journal={Philosophical Transactions of the Royal Society A: Mathematical, Physical and Engineering Sciences},
	publisher={The Royal Society},
	author={Fornasier, Massimo and Piccoli, Benedetto and Rossi, Francesco},
	year={2014},
	pages={20130400}
}

@article{Burger1,
	author = {Burger, M.  and Di Francesco, M. and  Markowich, P. A. and  Wolfram, M.-T.},
	title = {Mean field games with nonlinear mobilities in pedestrian dynamics},
	journal = {Discrete Cont. Dyn.-B},
	volume = {19},
	number = {5},
	pages = {1311-1333},
	year = {2014}
}

@article{Fornasier_20161no1,
	title={Learning and sparse control of multiagent systems},
	journal={Proc. 7thECM},
	author={Fornasier, Massimo},
	year={2016},
	url={https://www-m15.ma.tum.de/foswiki/pub/M15/Allgemeines/NewPublications/procexample.pdf}
}


@article{fornasier_lisini_orrieri_savare_2019, 
	title={Mean-field optimal control as Gamma-limit of finite agent controls}, 
	volume={30}, 
	DOI={10.1017/S0956792519000044}, 
	number={6}, 
	journal={European Journal of Applied Mathematics}, 
	publisher={Cambridge University Press}, 
	author={Fornasier, Massimo and Lisini, Stefano and Orrieri, Carlo and Savar\'e, Guiseppe}, year={2019}, pages={1153–1186}}




@article{piccoli2014no1,
	author = {Piccoli, Benedetto and Rossi, Francesco and Tr\'elat, Emmanuel},
	year = {2014},
	pages = {4685 -- 4719},
	title = {Control to Flocking of the Kinetic {C}ucker--{S}male Model},
	volume = {47},
	number={6},
	journal = {SIAM Journal on Mathematical Analysis},
	doi = {10.1137/140996501}
}


@article{Pinnau_2017,
	title={A consensus-based model for global optimization and its mean-field limit},
	volume={27},
	ISSN={1793-6314},
	url={http://dx.doi.org/10.1142/S0218202517400061},
	DOI={10.1142/s0218202517400061},
	number={01},
	journal={Mathematical Models and Methods in Applied Sciences},
	publisher={World Scientific Pub Co Pte Lt},
	author={Pinnau, René and Totzeck, Claudia and Tse, Oliver and Martin, Stephan},
	year={2017},
	pages={183–204}
}


@INPROCEEDINGS{Huang1,
	author={ {Minyi Huang} and {Peter E. Caines} and Roland P. {Malham\'e}},
	booktitle={42nd IEEE International Conference on Decision and Control (IEEE Cat. No.03CH37475)},
	title={Individual and mass behaviour in large population stochastic wireless power control problems: centralized and {N}ash equilibrium solutions},
	year={2003},
	volume={1},
	number={},
	pages={98-103},
	doi={10.1109/CDC.2003.1272542},
	ISSN={0191-2216},
	month={Dec},}


@Article{Lasry2007,
	author={Lasry, Jean-Michel
	and Lions, Pierre-Louis},
	title={Mean field games},
	journal={Japanese Journal of Mathematics},
	year={2007},
	month={Mar},
	day={01},
	volume={2},
	number={1},
	pages={229--260},
}

@article{CuckerSmale1,
	author = {Cucker, Felipe and Smale, Steve},
	year = {2007},
	month = {06},
	pages = {852 - 862},
	title = {Emergent Behavior in Flocks},
	volume = {52},
	journal = {Automatic Control, IEEE Transactions on},
	doi = {10.1109/TAC.2007.895842}
}
@article{CuckerSmale2,
	author = {Cucker, Felipe and Smale, Steve},
	year = {2007},
	month = {03},
	pages = {197-227},
	title = {On the mathematics of emergence},
	volume = {2},
	journal = {Japan J Math},
	doi = {10.1007/s11537-007-0647-x}
}


@article{ChengC.Z1976Tiot,
	issn = {0021-9991},
	journal = {Journal of Computational Physics},
	pages = {330--351},
	volume = {22},
	publisher = {Elsevier Inc},
	number = {3},
	year = {1976},
	title = {The integration of the {V}lasov equation in configuration space},
	language = {eng},
	author = {Cheng, C.Z and Knorr, Georg},
	keywords = {Applied Sciences},
}




@article{gilbertstrang1,
	author = {Strang, Gilbert},
	title = {On the Construction and Comparison of Difference Schemes},
	journal = {SIAM Journal on Numerical Analysis},
	volume = {5},
	number = {3},
	pages = {506-517},
	year = {1968},
	doi = {10.1137/0705041},
	
	URL = { 
	https://doi.org/10.1137/0705041
	
	},
	eprint = { 
	https://doi.org/10.1137/0705041
	}	
}



@article{LASRY2006679,
	title = {Jeux à champ moyen. II – Horizon fini et contrôle optimal},
	journal = {Comptes Rendus Mathematique},
	volume = {343},
	number = {10},
	pages = {679 - 684},
	year = {2006},
	author = {Jean-Michel Lasry and Pierre-Louis Lions}
}

@article{LASRY2006619,
	title = {Jeux à champ moyen. I – Le cas stationnaire},
	journal = {Comptes Rendus Mathematique},
	volume = {343},
	number = {9},
	pages = {619 - 625},
	year = {2006},
	author = {Jean-Michel Lasry and Pierre-Louis Lions}
}
@article{LASRY4,
	title = {Mean Field Games},
	journal = {Cahiers de la Chaire Finance et D\'eveloppement Durable},
	year = {2007},
	author = {Jean-Michel Lasry and Pierre-Louis Lions}
}

@article{Archer1,
	title = {Dynamical Density Functional Theory for Molecular and Colloidal Fluids: A Microscopic Approach to Fluid Mechanics.},
	journal = {The Journal of Chemical Physics},
	volume = {130},
	year = {2009},
	author = {A. J. Archer}
}





@article{Roth1,
	title = {Fundamental measure theory for hard-sphere mixtures: a review},
	journal = {ournal of Physics: Condensed Matter},
	volume = {22},
	number = {6},
	year = {2010},
	author = {Roland Roth}
}


@incollection{Powell1,
	title={A {F}ortran subroutine for solving systems of nonlinear algebraic equations},
	author={Powell, M. J. D.},
	booktitle={Numerical Methods for Nonlinear Algebraic Equations},
	editor={Rabinowitz, P.},
	chapter={7},
	year={1970},
	publisher={Gordon and Breach}
}




@MISC{fsolve1,
	author = {{\scshape MATLAB}},
	title = {Equation Solving Algorithms},
	howpublished={\url{https://uk.mathworks.com/help/optim/ug/equation-solving-algorithms.html#bqa_so0}}
}









